<?xml version="1.0" encoding="utf-8"?>
<record xmlns="http://www.loc.gov/MARC21/slim" xmlns:xsi="http://www.w3.org/2001/XMLSchema-instance" xsi:schemaLocation="http://www.loc.gov/MARC21/slim http://www.loc.gov/standards/marcxml/schema/MARC21slim.xsd">
	<leader>     nam a22     Mi 4500</leader>
	<controlfield tag="001">618400</controlfield>
	<controlfield tag="003">NjP</controlfield>
	<controlfield tag="006">m        d        </controlfield>
	<controlfield tag="007">cr cn |||m|||a</controlfield>
	<controlfield tag="008">191101s1989    le      ob    000 0 arar </controlfield>
	<datafield ind1=" " ind2=" " tag="040">
		<subfield code="a">ZYU</subfield>
		<subfield code="b">ara</subfield>
		<subfield code="e">rda</subfield>
		<subfield code="c">ZYU</subfield>
	</datafield>
	<datafield ind1="0" ind2="0" tag="050">
		<subfield code="a">BP161.2</subfield>
		<subfield code="b">.S815 1989</subfield>
	</datafield>
	<datafield ind1="1" ind2=" " tag="100">
		<subfield code="a">Subḥānī, Jaʻfar.</subfield>
	</datafield>
	<datafield ind1="1" ind2="3" tag="245">
		<subfield code="a">al-Ilāhīyāt ʻalá hudá al-Kitāb wa-al-sunnah wa-al-ʻaql /</subfield>
		<subfield code="c">muḥāḍarāt Jaʻfar al-Subḥānī ; bi-qalam Ḥasan Muḥammad Makkī al-ʻĀmilī.</subfield>
	</datafield>
	<datafield ind1=" " ind2=" " tag="250">
		<subfield code="a">al-Ṭabʻah 1.</subfield>
	</datafield>
	<datafield ind1=" " ind2=" " tag="260">
		<subfield code="a">[Beirut] Lubnān :</subfield>
		<subfield code="b">al-Dār al-Islāmīyah,</subfield>
		<subfield code="c">1989.</subfield>
	</datafield>
	<datafield ind1=" " ind2=" " tag="300">
		<subfield code="a">online resource (16, 765 pages)</subfield>
	</datafield>
	<datafield ind1=" " ind2=" " tag="336">
		<subfield code="a">text</subfield>
		<subfield code="2">rdacontent</subfield>
	</datafield>
	<datafield ind1=" " ind2=" " tag="337">
		<subfield code="a">computer</subfield>
		<subfield code="2">rdamedia</subfield>
	</datafield>
	<datafield ind1=" " ind2=" " tag="338">
		<subfield code="a">online resource</subfield>
		<subfield code="2">rdacarrier</subfield>
	</datafield>
	<datafield ind1=" " ind2=" " tag="500">
		<subfield code="a">Part of the Arabic Collections Online (ACO) project, contributed by Princeton University Libraries.</subfield>
	</datafield>
	<datafield ind1=" " ind2=" " tag="504">
		<subfield code="a">Includes bibliographical references.</subfield>
	</datafield>
	<datafield ind1=" " ind2=" " tag="533">
		<subfield code="a">Electronic reproduction.</subfield>
		<subfield code="b">New York, N.Y. :</subfield>
		<subfield code="c">New York University,</subfield>
		<subfield code="d">2019.</subfield>
		<subfield code="5">NNU</subfield>
	</datafield>
	<datafield ind1=" " ind2="0" tag="650">
		<subfield code="a">God (Islam)</subfield>
	</datafield>
	<datafield ind1=" " ind2="0" tag="650">
		<subfield code="a">Islam</subfield>
		<subfield code="x">Doctrines.</subfield>
	</datafield>
	<datafield ind1=" " ind2="7" tag="650">
		<subfield code="a">God (Islam)</subfield>
		<subfield code="2">fast</subfield>
		<subfield code="0">(OCoLC)fst00944142</subfield>
	</datafield>
	<datafield ind1=" " ind2="7" tag="650">
		<subfield code="a">Islam</subfield>
		<subfield code="x">Doctrines.</subfield>
		<subfield code="2">fast</subfield>
		<subfield code="0">(OCoLC)fst00979787</subfield>
	</datafield>
	<datafield ind1="1" ind2=" " tag="700">
		<subfield code="a">ʻĀmilī, Ḥasan Muḥammad Makkī.</subfield>
	</datafield>
	<datafield ind1="2" ind2=" " tag="710">
		<subfield code="a">Princeton University.</subfield>
		<subfield code="b">Library.</subfield>
	</datafield>
	<datafield ind1="0" ind2=" " tag="730">
		<subfield code="a">Arabic Collections Online.</subfield>
	</datafield>
	<datafield ind1="0" ind2="8" tag="776">
		<subfield code="i">Online version:</subfield>
		<subfield code="a">Subḥānī, Jaʻfar.</subfield>
		<subfield code="t">Ilāhīyāt ʻalá hudá al-Kitāb wa-al-sunnah wa-al-ʻaql.</subfield>
		<subfield code="b">al-Ṭabʻah 1.</subfield>
		<subfield code="d">[Beirut] Lubnān : al-Dār al-Islāmīyah, 1989</subfield>
		<subfield code="w">(OCoLC)603992886</subfield>
	</datafield>
	<datafield ind1="0" ind2="8" tag="776">
		<subfield code="i">Print version:</subfield>
		<subfield code="a">Subḥānī, Jaʻfar.</subfield>
		<subfield code="t">al-Ilāhīyāt ʻalá hudá al-Kitāb wa-al-sunnah wa-al-ʻaql</subfield>
		<subfield code="w">(NjP)618400</subfield>
		<subfield code="w">(DLC)   89963237 </subfield>
		<subfield code="w">(OCoLC)21330477</subfield>
	</datafield>
	<datafield ind1="4" ind2="0" tag="856">
		<subfield code="u">http://hdl.handle.net/2333.1/w9ghxcsh</subfield>
	</datafield>
	<datafield ind1=" " ind2=" " tag="959">
		<subfield code="a">NNU</subfield>
		<subfield code="b">WEB</subfield>
		<subfield code="c">GENI</subfield>
		<subfield code="t">0</subfield>
		<subfield code="m">Electronic access</subfield>
		<subfield code="s">01</subfield>
	</datafield>
	<datafield ind1=" " ind2=" " tag="999">
		<subfield code="i">NjP_618400</subfield>
		<subfield code="o">(OCoLC)ocm21330477 </subfield>
		<subfield code="s">princeton_aco002908:juz 1</subfield>
		<subfield code="e">(ERROR-880)</subfield>
	</datafield>
</record>
